<record><leader>00000cas a22000007a 4500</leader><controlfield tag="001">11837268</controlfield><controlfield tag="008">850322c18859999njuwr ne      0   a0eng d</controlfield><datafield ind1=" " ind2=" " tag="010"><subfield code="a">sn 85035558 </subfield></datafield><datafield ind1=" " ind2=" " tag="040"><subfield code="a">NPA</subfield><subfield code="b">eng</subfield><subfield code="c">NPA</subfield><subfield code="d">NJW</subfield><subfield code="d">NSD</subfield><subfield code="d">OCLCQ</subfield></datafield><datafield ind1=" " ind2=" " tag="012"><subfield code="m">1</subfield></datafield><datafield ind1="1" ind2=" " tag="022"><subfield code="a">1061-5563</subfield><subfield code="l">1061-5563</subfield><subfield code="2">1</subfield></datafield><datafield ind1=" " ind2=" " tag="032"><subfield code="a">942640</subfield><subfield code="b">USPS</subfield></datafield><datafield ind1=" " ind2=" " tag="042"><subfield code="a">msc</subfield><subfield code="a">nsdp</subfield></datafield><datafield ind1=" " ind2="4" tag="222"><subfield code="a">The Cranbury press</subfield></datafield><datafield ind1="0" ind2="4" tag="245"><subfield code="a">The Cranbury press.</subfield></datafield><datafield ind1=" " ind2=" " tag="260"><subfield code="a">Cranbury, N.J. :</subfield><subfield code="b">G.W. Burroughs,</subfield><subfield code="c">1885-</subfield></datafield><datafield ind1=" " ind2=" " tag="300"><subfield code="a">v. :</subfield><subfield code="b">ill. ;</subfield><subfield code="c">58 cm.</subfield></datafield><datafield ind1=" " ind2=" " tag="310"><subfield code="a">Weekly</subfield></datafield><datafield ind1="0" ind2=" " tag="362"><subfield code="a">Vol. 1, no. 1 (July 17, 1885)-</subfield></datafield><datafield ind1=" " ind2=" " tag="500"><subfield code="a">Published: Princeton, N.J., Mar. 2, 1979- ; Dayton, N.J., &lt;Oct. 9, 1991-&gt;</subfield></datafield><datafield ind1=" " ind2=" " tag="500"><subfield code="a">Publishers: Burroughs &amp; Van Dyke, Mar. 16, 1888-Apr. 20, 1889; George W. Burroughs, May 3, 1889-Apr. 8, 1898; John S. Silvers, Apr. 15, 1898-&lt;May 26, 1899&gt;; Press Printing Co., &lt;Aug. 4, 1899&gt;-May 18, 1906; George W. Burroughs, May 25, 1906-Sept. 25, 1914; Geo. W. Burroughs &amp; Son, Oct. 4, 1914-&lt;Sept. 21, 1934&gt;; Arthur L. Burroughs, &lt;Sept. 28, 1934&gt;-Sept. 28, 1956; Peter A. Nagurny, Oct. 5, 1956-Mar. 14, 1969; Thomas C. Brown, Mar. 21, 1969-Feb. 23, 1979; Princeton Packet, Inc., Mar. 2, 1979-</subfield></datafield><datafield ind1=" " ind2=" " tag="530"><subfield code="a">Also issued on microfilm by Rutgers University Libraries and the New Jersey State Library, Dept. of Education.</subfield></datafield><datafield ind1=" " ind2=" " tag="588"><subfield code="a">Latest issue consulted: Vol. 104, no. 4 (Oct. 9, 1991).</subfield></datafield><datafield ind1=" " ind2=" " tag="752"><subfield code="a">United States</subfield><subfield code="b">New Jersey</subfield><subfield code="c">Middlesex</subfield><subfield code="d">Dayton.</subfield></datafield><datafield ind1=" " ind2=" " tag="752"><subfield code="a">United States</subfield><subfield code="b">New Jersey</subfield><subfield code="c">Middlesex</subfield><subfield code="d">Cranbury.</subfield></datafield><datafield ind1=" " ind2=" " tag="752"><subfield code="a">United States</subfield><subfield code="b">New Jersey</subfield><subfield code="c">Mercer</subfield><subfield code="d">Princeton.</subfield></datafield></record>